@article{2018Data,
  title={Data analysis strategies in medical imaging},
  author={ Parmar, C.  and  Barry, J. D.  and  Hosny, A.  and  Quackenbush, J.  and  Aerts, Hjwl },
  journal={Clinical Cancer Research},
  volume={24},
  number={15},
  pages={3492-3499},
  year={2018},
}

@inproceedings{heimpel1979conventional,
  title={Conventional morphological examination of blood and bone marrow cells in the diagnosis of preleukemic syndromes},
  author={Heimpel, H},
  booktitle={Preleukemia},
  pages={4--11},
  year={1979},
  organization={Springer}
}

@article{黄治虎2009我国白血病流行病学调查的现状和对策,
  title={我国白血病流行病学调查的现状和对策},
  author={黄治虎 and 陈宝安 and 欧阳建 and 沈志祥 and 王彦艳 and 余小金},
  journal={临床血液学杂志},
  volume={22},
  number={2},
  pages={166-167},
  year={2009},
}

@inproceedings{1992A,
  title={A fast segmentation scheme for white blood cell images},
  author={ Cseke, I. },
  booktitle={Iapr International Conference on Pattern Recognition},
  year={1992},
}

@inproceedings{2003A,
  title={A novel white blood cell segmentation scheme using scale-space filtering and watershed clustering},
  author={ Jiang, Kan  and  Liao, Qing Min  and  Dai, Sheng Yang },
  booktitle={Proceedings of the 2003 International Conference on Machine Learning and Cybernetics (IEEE Cat. No.03EX693)},
  year={2003},
}

@inproceedings{wu2006,
  title={A novel color image segmentation method and its application to white blood cell image analysis},
  author={Wu, Jianhua and Zeng, Pingping and Zhou, Yuan and Olivier, Christian},
  booktitle={2006 8th international Conference on Signal Processing},
  volume={2},
  year={2006},
  organization={IEEE}
}


@article{Ma2008Novel,
  title={一种新的基于区域增长的 ROI 分割算法},
  author={马建林 and 崔志明 and 吴健 and 张娜敏},
  journal={计算机应用研究},
  volume={25},
  number={5},
  pages={1582--1585},
  year={2008}
}

@article{Sadeghian2009A,
  title={A Framework for White Blood Cell Segmentation in Microscopic Blood Images Using Digital Image Processing},
  author={ Sadeghian, F.  and  Seman, Z.  and  Ramli, A. R.  and  Kahar, Bha  and  Saripan, M. I. },
  journal={Biological Procedures Online},
  volume={11},
  number={1},
  pages={196-206},
  year={2009},
}

@inproceedings{theera2005white,
  title={White blood cell segmentation and classification in microscopic bone marrow images},
  author={Theera-Umpon, Nipon},
  booktitle={Fuzzy Systems and Knowledge Discovery: Second International Conference, FSKD 2005, Changsha, China, August 27-29, 2005, Proceedings, Part II 2},
  pages={787--796},
  year={2005},
  organization={Springer}
}

@inproceedings{ramoser2006leukocyte,
  title={Leukocyte segmentation and classification in blood-smear images},
  author={Ramoser, Herbert and Laurain, Vincent and Bischof, Horst and Ecker, Rupert},
  booktitle={2005 IEEE Engineering in Medicine and Biology 27th Annual Conference},
  pages={3371--3374},
  year={2006},
  organization={IEEE}
}

@inproceedings{girshick2014rich,
  title={Rich feature hierarchies for accurate object detection and semantic segmentation},
  author={Girshick, Ross and Donahue, Jeff and Darrell, Trevor and Malik, Jitendra},
  booktitle={Proceedings of the IEEE conference on computer vision and pattern recognition},
  pages={580--587},
  year={2014}
}

@article{he2015spatial,
  title={Spatial pyramid pooling in deep convolutional networks for visual recognition},
  author={He, Kaiming and Zhang, Xiangyu and Ren, Shaoqing and Sun, Jian},
  journal={IEEE transactions on pattern analysis and machine intelligence},
  volume={37},
  number={9},
  pages={1904--1916},
  year={2015},
  publisher={IEEE}
}

@inproceedings{girshick2015fast,
  title={Fast r-cnn},
  author={Girshick, Ross},
  booktitle={Proceedings of the IEEE international conference on computer vision},
  pages={1440--1448},
  year={2015}
}

@article{ren2015faster,
  title={Faster r-cnn: Towards real-time object detection with region proposal networks},
  author={Ren, Shaoqing and He, Kaiming and Girshick, Ross and Sun, Jian},
  journal={Advances in neural information processing systems},
  volume={28},
  year={2015}
}

@inproceedings{redmon2016you,
  title={You only look once: Unified, real-time object detection},
  author={Redmon, Joseph and Divvala, Santosh and Girshick, Ross and Farhadi, Ali},
  booktitle={Proceedings of the IEEE conference on computer vision and pattern recognition},
  pages={779--788},
  year={2016}
}

@inproceedings{lin2017focal,
  title={Focal loss for dense object detection},
  author={Lin, Tsung-Yi and Goyal, Priya and Girshick, Ross and He, Kaiming and Doll{\'a}r, Piotr},
  booktitle={Proceedings of the IEEE international conference on computer vision},
  pages={2980--2988},
  year={2017}
}

@article{zhu2020deformable,
  title={Deformable detr: Deformable transformers for end-to-end object detection},
  author={Zhu, Xizhou and Su, Weijie and Lu, Lewei and Li, Bin and Wang, Xiaogang and Dai, Jifeng},
  journal={arXiv preprint arXiv:2010.04159},
  year={2020}
}

@inproceedings{xia2019automated,
  title={Automated blood cell detection and counting via deep learning for microfluidic point-of-care medical devices},
  author={Xia, Tiancheng and Jiang, Richard and Fu, Yong Qing and Jin, Nanlin},
  booktitle={IOP conference series: materials science and engineering},
  volume={646},
  number={1},
  pages={012048},
  year={2019},
  organization={IOP Publishing}
}

@inproceedings{dhieb2019automated,
  title={An automated blood cells counting and classification framework using mask R-CNN deep learning model},
  author={Dhieb, Najmeddine and Ghazzai, Hakim and Besbes, Hichem and Massoud, Yehia},
  booktitle={2019 31st international conference on microelectronics (ICM)},
  pages={300--303},
  year={2019},
  organization={IEEE}
}

@article{shakarami2021fast,
  title={A fast and yet efficient YOLOv3 for blood cell detection},
  author={Shakarami, Ashkan and Menhaj, Mohammad Bagher and Mahdavi-Hormat, Ali and Tarrah, Hadis},
  journal={Biomedical Signal Processing and Control},
  volume={66},
  pages={102495},
  year={2021},
  publisher={Elsevier}
}

@inproceedings{long2015fully,
  title={Fully convolutional networks for semantic segmentation},
  author={Long, Jonathan and Shelhamer, Evan and Darrell, Trevor},
  booktitle={Proceedings of the IEEE conference on computer vision and pattern recognition},
  pages={3431--3440},
  year={2015}
}

@article{lu2021wbc,
  title={WBC-Net: A white blood cell segmentation network based on UNet++ and ResNet},
  author={Lu, Yan and Qin, Xuejun and Fan, Haoyi and Lai, Taotao and Li, Zuoyong},
  journal={Applied Soft Computing},
  volume={101},
  pages={107006},
  year={2021},
  publisher={Elsevier}
}

@article{wubai2011,
  title={当代五分类血细胞分析仪技术原理分析},
  author={伍柏青 and 傅新文},
  journal={实验与检验医学},
  volume={29},
  number={4},
  pages={391--394},
  year={2011}
}

@inproceedings{ghosh2010statistical,
  title={Statistical pattern analysis of white blood cell nuclei morphometry},
  author={Ghosh, Madhumala and Das, Devkumar and Mandal, Subhodip and Chakraborty, Chandan and Pala, Mallika and Maity, Ashok K and Pal, Surjya K and Ray, Ajoy K},
  booktitle={2010 IEEE Students Technology Symposium (TechSym)},
  pages={59--66},
  year={2010},
  organization={IEEE}
}

@article{sunkai2020,
  title={基于机器学习的白细胞六分类研究},
  author={孙凯 and 姚旭峰 and 黄钢},
  journal={软件},
  volume={41},
  number={10},
  pages={5},
  year={2020},
}

@mastersthesis{yuan2017, 
  author = {袁满}, 
  title = {血细胞图像白细胞的自动检测与识别}, 
  school = {东南大学}, 
  year = {2017} 
}

@article{matek2019human,
  title={Human-level recognition of blast cells in acute myeloid leukaemia with convolutional neural networks},
  author={Matek, Christian and Schwarz, Simone and Spiekermann, Karsten and Marr, Carsten},
  journal={Nature Machine Intelligence},
  volume={1},
  number={11},
  pages={538--544},
  year={2019},
  publisher={Nature Publishing Group UK London}
}

@article{mori2020assessment,
  title={Assessment of dysplasia in bone marrow smear with convolutional neural network},
  author={Mori, Jinichi and Kaji, Shizuo and Kawai, Hiroki and Kida, Satoshi and Tsubokura, Masaharu and Fukatsu, Masahiko and Harada, Kayo and Noji, Hideyoshi and Ikezoe, Takayuki and Maeda, Tomoya and others},
  journal={Scientific reports},
  volume={10},
  number={1},
  pages={1--8},
  year={2020},
  publisher={Springer}
}

@article{fu2020morphogo,
  title={Morphogo: an automatic bone marrow cell classification system on digital images analyzed by artificial intelligence},
  author={Fu, Xinyan and Fu, May and Li, Qiang and Peng, Xiangui and Lu, Ju and Fang, Fengqi and Chen, Mingyi},
  journal={Acta Cytologica},
  volume={64},
  number={6},
  pages={588--596},
  year={2020},
  publisher={Karger Publishers}
}

@article{huang2020attention,
  title={Attention-aware residual network based manifold learning for white blood cells classification},
  author={Huang, Pu and Wang, Jing and Zhang, Jian and Shen, Yajuan and Liu, Cong and Song, Weiqing and Wu, Shangshang and Zuo, Yuwei and Lu, Zhiming and Li, Dengwang},
  journal={IEEE Journal of Biomedical and Health Informatics},
  volume={25},
  number={4},
  pages={1206--1214},
  year={2020},
  publisher={IEEE}
}

@article{1958perceptron,
  title={The perceptron: a probabilistic model for information storage and organization in the brain.},
  author={Rosenblatt, Frank},
  journal={Psychological review},
  volume={65},
  number={6},
  pages={386},
  year={1958},
  publisher={American Psychological Association}
}

@article{2017Feature,   
  title={Feature Pyramid Networks for Object Detection},   
  author={ Lin, T. Y.  and  Dollar, P.  and  Girshick, R.  and  He, K.  and  Hariharan, B.  and  Belongie, S. },   
  journal={IEEE Computer Society},   
  year={2017}, 
}

@article{2014Very,
  title={Very Deep Convolutional Networks for Large-Scale Image Recognition},
  author={ Simonyan, K.  and  Zisserman, A. },
  journal={arXiv e-prints},
  year={2014},
}

@inproceedings{he2016deep,
  title={Deep residual learning for image recognition},
  author={He, Kaiming and Zhang, Xiangyu and Ren, Shaoqing and Sun, Jian},
  booktitle={Proceedings of the IEEE conference on computer vision and pattern recognition},
  pages={770--778},
  year={2016}
}

@inproceedings{hu2018squeeze,
  title={Squeeze-and-excitation networks},
  author={Hu, Jie and Shen, Li and Sun, Gang},
  booktitle={Proceedings of the IEEE conference on computer vision and pattern recognition},
  pages={7132--7141},
  year={2018}
}

@inproceedings{xie2017aggregated,
  title={Aggregated residual transformations for deep neural networks},
  author={Xie, Saining and Girshick, Ross and Doll{\'a}r, Piotr and Tu, Zhuowen and He, Kaiming},
  booktitle={Proceedings of the IEEE conference on computer vision and pattern recognition},
  pages={1492--1500},
  year={2017}
}

@inproceedings{tan2019efficientnet,
  title={Efficientnet: Rethinking model scaling for convolutional neural networks},
  author={Tan, Mingxing and Le, Quoc},
  booktitle={International conference on machine learning},
  pages={6105--6114},
  year={2019},
  organization={PMLR}
}

@article{dosovitskiy2020image,
  title={An image is worth 16x16 words: Transformers for image recognition at scale},
  author={Dosovitskiy, Alexey and Beyer, Lucas and Kolesnikov, Alexander and Weissenborn, Dirk and Zhai, Xiaohua and Unterthiner, Thomas and Dehghani, Mostafa and Minderer, Matthias and Heigold, Georg and Gelly, Sylvain and others},
  journal={arXiv preprint arXiv:2010.11929},
  year={2020}
}

@article{van2008visualizing,
  title={Visualizing data using t-SNE.},
  author={Van der Maaten, Laurens and Hinton, Geoffrey},
  journal={Journal of machine learning research},
  volume={9},
  number={11},
  year={2008}
}

@article{van2001art,
  title={The art of data augmentation},
  author={Van Dyk, David A and Meng, Xiao-Li},
  journal={Journal of Computational and Graphical Statistics},
  volume={10},
  number={1},
  pages={1--50},
  year={2001},
  publisher={Taylor \& Francis}
}

@article{SWGC202206005, 
  author = {孙天宇 and 朱庆涛 and 杨健 and 曾亮}, 
  title = {基于改进Vision Transformer的血细胞图像识别方法研究}, 
  journal = {生物医学工程学杂志}, 
  volume = {39}, 
  number = {6},
  pages = {1097-1107}, 
  year = {2022},
  doi ={10.7507/1001-5515.202203008} 
}

@inproceedings{he2019bounding,   
  title={Bounding box regression with uncertainty for accurate object detection},   
  author={He, Yihui and Zhu, Chenchen and Wang, Jianren and Savvides, Marios and Zhang, Xiangyu},   
  booktitle={Proceedings of the ieee/cvf conference on computer vision and pattern recognition},   
  pages={2888--2897},   
  year={2019} 
}
